<record><leader>00000cas a2200000 a 4500</leader><controlfield tag="001">27023226</controlfield><controlfield tag="008">921124d189919uuiluwr ne      0   a0eng c</controlfield><datafield ind1=" " ind2=" " tag="010"><subfield code="a">sn 92054675 </subfield></datafield><datafield ind1=" " ind2=" " tag="040"><subfield code="a">NVF</subfield><subfield code="b">eng</subfield><subfield code="c">NVF</subfield><subfield code="d">OCLCQ</subfield><subfield code="d">NVF</subfield><subfield code="d">OCLCF</subfield><subfield code="d">NVF</subfield><subfield code="d">OCLCO</subfield></datafield><datafield ind1="1" ind2=" " tag="029"><subfield code="a">AU@</subfield><subfield code="b">000020106915</subfield></datafield><datafield ind1=" " ind2=" " tag="042"><subfield code="a">pcc</subfield></datafield><datafield ind1=" " ind2=" " tag="043"><subfield code="a">n-us-il</subfield></datafield><datafield ind1="0" ind2=" " tag="130"><subfield code="a">Herrin news (Herrin, Ill. : 1899)</subfield></datafield><datafield ind1="1" ind2="4" tag="245"><subfield code="a">The Herrin news.</subfield></datafield><datafield ind1=" " ind2=" " tag="260"><subfield code="a">Herrin, Ill. :</subfield><subfield code="b">C.E. Ingraham,</subfield><subfield code="c">1899-[19--?].</subfield></datafield><datafield ind1=" " ind2=" " tag="300"><subfield code="a">v.</subfield></datafield><datafield ind1=" " ind2=" " tag="310"><subfield code="a">Weekly,</subfield><subfield code="b">May 14, 1931-&lt;June 29, 1944&gt;</subfield></datafield><datafield ind1=" " ind2=" " tag="321"><subfield code="a">Weekly,</subfield><subfield code="b">Jan. 21, 1899-Sept. 28, 1923</subfield></datafield><datafield ind1=" " ind2=" " tag="321"><subfield code="a">Semiweekly,</subfield><subfield code="b">Oct. 2, 1923-May 8, 1931</subfield></datafield><datafield ind1="0" ind2=" " tag="362"><subfield code="a">Vol. 1, no. 1 (Jan. 21, 1899)-</subfield></datafield><datafield ind1=" " ind2=" " tag="580"><subfield code="a">Daily eds.: Herrin journal, 1913-1926; and Herrin daily journal, 1926-&lt;1944&gt;.</subfield></datafield><datafield ind1=" " ind2=" " tag="588"><subfield code="a">Latest issue consulted: June 29, 1944.</subfield></datafield><datafield ind1=" " ind2="0" tag="651"><subfield code="a">Herrin (Ill.)</subfield><subfield code="v">Newspapers.</subfield></datafield><datafield ind1=" " ind2="7" tag="651"><subfield code="a">Illinois</subfield><subfield code="z">Herrin.</subfield><subfield code="2">fast</subfield><subfield code="0">(OCoLC)fst01217742</subfield></datafield><datafield ind1=" " ind2="7" tag="655"><subfield code="a">Newspapers.</subfield><subfield code="2">fast</subfield><subfield code="0">(OCoLC)fst01423814</subfield></datafield><datafield ind1=" " ind2=" " tag="752"><subfield code="a">United States</subfield><subfield code="b">Illinois</subfield><subfield code="c">Williamson</subfield><subfield code="d">Herrin.</subfield></datafield><datafield ind1="1" ind2=" " tag="775"><subfield code="t">Herrin journal</subfield><subfield code="w">(DLC)sn2006061006</subfield><subfield code="w">(OCoLC)68906266</subfield></datafield><datafield ind1="1" ind2=" " tag="775"><subfield code="t">Herrin daily journal</subfield><subfield code="w">(DLC)sn 92054652</subfield><subfield code="w">(OCoLC)26910482</subfield></datafield></record>